%YAML 1.1
%TAG !u! tag:unity3d.com,2011:
--- !u!1 &5462129819130470240
GameObject:
  m_ObjectHideFlags: 0
  m_CorrespondingSourceObject: {fileID: 0}
  m_PrefabInstance: {fileID: 0}
  m_PrefabAsset: {fileID: 0}
  serializedVersion: 6
  m_Component:
  - component: {fileID: 4318880259120199853}
  - component: {fileID: -7214271635301531517}
  m_Layer: 10
  m_Name: CubeSliced
  m_TagString: Untagged
  m_Icon: {fileID: 0}
  m_NavMeshLayer: 0
  m_StaticEditorFlags: 0
  m_IsActive: 1
--- !u!4 &4318880259120199853
Transform:
  m_ObjectHideFlags: 0
  m_CorrespondingSourceObject: {fileID: 0}
  m_PrefabInstance: {fileID: 0}
  m_PrefabAsset: {fileID: 0}
  m_GameObject: {fileID: 5462129819130470240}
  m_LocalRotation: {x: 0, y: 0, z: 0, w: 1}
  m_LocalPosition: {x: 0, y: 0, z: 0}
  m_LocalScale: {x: 0.15, y: 0.15, z: 0.15}
  m_ConstrainProportionsScale: 0
  m_Children:
  - {fileID: 4369670159498247586}
  m_Father: {fileID: 0}
  m_RootOrder: 0
  m_LocalEulerAnglesHint: {x: 0, y: 0, z: 0}
--- !u!114 &-7214271635301531517
MonoBehaviour:
  m_ObjectHideFlags: 0
  m_CorrespondingSourceObject: {fileID: 0}
  m_PrefabInstance: {fileID: 0}
  m_PrefabAsset: {fileID: 0}
  m_GameObject: {fileID: 5462129819130470240}
  m_Enabled: 1
  m_EditorHideFlags: 0
  m_Script: {fileID: 11500000, guid: 08e8e7e64aa27e34787807c577543eb4, type: 3}
  m_Name: 
  m_EditorClassIdentifier: 
  targetTime: 3
  cubeSpeedMovement: 3
  cubeSpeedRotation: 10.8
--- !u!1001 &4264511539898817097
PrefabInstance:
  m_ObjectHideFlags: 0
  serializedVersion: 2
  m_Modification:
    serializedVersion: 3
    m_TransformParent: {fileID: 4318880259120199853}
    m_Modifications:
    - target: {fileID: -8679921383154817045, guid: 9631c5d1e0fe6924b8de8a692b243eaf, type: 3}
      propertyPath: m_RootOrder
      value: 0
      objectReference: {fileID: 0}
    - target: {fileID: -8679921383154817045, guid: 9631c5d1e0fe6924b8de8a692b243eaf, type: 3}
      propertyPath: m_LocalPosition.x
      value: 0
      objectReference: {fileID: 0}
    - target: {fileID: -8679921383154817045, guid: 9631c5d1e0fe6924b8de8a692b243eaf, type: 3}
      propertyPath: m_LocalPosition.y
      value: 0
      objectReference: {fileID: 0}
    - target: {fileID: -8679921383154817045, guid: 9631c5d1e0fe6924b8de8a692b243eaf, type: 3}
      propertyPath: m_LocalPosition.z
      value: 0
      objectReference: {fileID: 0}
    - target: {fileID: -8679921383154817045, guid: 9631c5d1e0fe6924b8de8a692b243eaf, type: 3}
      propertyPath: m_LocalRotation.w
      value: 1
      objectReference: {fileID: 0}
    - target: {fileID: -8679921383154817045, guid: 9631c5d1e0fe6924b8de8a692b243eaf, type: 3}
      propertyPath: m_LocalRotation.x
      value: 0
      objectReference: {fileID: 0}
    - target: {fileID: -8679921383154817045, guid: 9631c5d1e0fe6924b8de8a692b243eaf, type: 3}
      propertyPath: m_LocalRotation.y
      value: 0
      objectReference: {fileID: 0}
    - target: {fileID: -8679921383154817045, guid: 9631c5d1e0fe6924b8de8a692b243eaf, type: 3}
      propertyPath: m_LocalRotation.z
      value: 0
      objectReference: {fileID: 0}
    - target: {fileID: -8679921383154817045, guid: 9631c5d1e0fe6924b8de8a692b243eaf, type: 3}
      propertyPath: m_LocalEulerAnglesHint.x
      value: 0
      objectReference: {fileID: 0}
    - target: {fileID: -8679921383154817045, guid: 9631c5d1e0fe6924b8de8a692b243eaf, type: 3}
      propertyPath: m_LocalEulerAnglesHint.y
      value: 0
      objectReference: {fileID: 0}
    - target: {fileID: -8679921383154817045, guid: 9631c5d1e0fe6924b8de8a692b243eaf, type: 3}
      propertyPath: m_LocalEulerAnglesHint.z
      value: 0
      objectReference: {fileID: 0}
    - target: {fileID: -8391222552659086748, guid: 9631c5d1e0fe6924b8de8a692b243eaf, type: 3}
      propertyPath: m_Layer
      value: 10
      objectReference: {fileID: 0}
    - target: {fileID: -5477749408508380018, guid: 9631c5d1e0fe6924b8de8a692b243eaf, type: 3}
      propertyPath: m_LocalPosition.x
      value: 0.181
      objectReference: {fileID: 0}
    - target: {fileID: -4683669308469848369, guid: 9631c5d1e0fe6924b8de8a692b243eaf, type: 3}
      propertyPath: m_Materials.Array.data[0]
      value: 
      objectReference: {fileID: 2100000, guid: debd226d28f053645bf15a8a5c8928b3, type: 2}
    - target: {fileID: -1461304994638716399, guid: 9631c5d1e0fe6924b8de8a692b243eaf, type: 3}
      propertyPath: m_Materials.Array.data[0]
      value: 
      objectReference: {fileID: 2100000, guid: debd226d28f053645bf15a8a5c8928b3, type: 2}
    - target: {fileID: -516098083770646512, guid: 9631c5d1e0fe6924b8de8a692b243eaf, type: 3}
      propertyPath: m_Layer
      value: 10
      objectReference: {fileID: 0}
    - target: {fileID: 919132149155446097, guid: 9631c5d1e0fe6924b8de8a692b243eaf, type: 3}
      propertyPath: m_Name
      value: sliced_cube
      objectReference: {fileID: 0}
    - target: {fileID: 919132149155446097, guid: 9631c5d1e0fe6924b8de8a692b243eaf, type: 3}
      propertyPath: m_Layer
      value: 10
      objectReference: {fileID: 0}
    m_RemovedComponents: []
    m_RemovedGameObjects: []
    m_AddedGameObjects: []
    m_AddedComponents:
    - targetCorrespondingSourceObject: {fileID: -8391222552659086748, guid: 9631c5d1e0fe6924b8de8a692b243eaf, type: 3}
      insertIndex: -1
      addedObject: {fileID: 2081516233383021653}
    - targetCorrespondingSourceObject: {fileID: -8391222552659086748, guid: 9631c5d1e0fe6924b8de8a692b243eaf, type: 3}
      insertIndex: -1
      addedObject: {fileID: 6134765424770569394}
    - targetCorrespondingSourceObject: {fileID: -516098083770646512, guid: 9631c5d1e0fe6924b8de8a692b243eaf, type: 3}
      insertIndex: -1
      addedObject: {fileID: 1111644080947736728}
    - targetCorrespondingSourceObject: {fileID: -516098083770646512, guid: 9631c5d1e0fe6924b8de8a692b243eaf, type: 3}
      insertIndex: -1
      addedObject: {fileID: 6382047117641296386}
  m_SourcePrefab: {fileID: 100100000, guid: 9631c5d1e0fe6924b8de8a692b243eaf, type: 3}
--- !u!1 &3504633023766931501 stripped
GameObject:
  m_CorrespondingSourceObject: {fileID: -8391222552659086748, guid: 9631c5d1e0fe6924b8de8a692b243eaf, type: 3}
  m_PrefabInstance: {fileID: 4264511539898817097}
  m_PrefabAsset: {fileID: 0}
--- !u!65 &2081516233383021653
BoxCollider:
  m_ObjectHideFlags: 0
  m_CorrespondingSourceObject: {fileID: 0}
  m_PrefabInstance: {fileID: 0}
  m_PrefabAsset: {fileID: 0}
  m_GameObject: {fileID: 3504633023766931501}
  m_Material: {fileID: 0}
  m_IncludeLayers:
    serializedVersion: 2
    m_Bits: 1024
  m_ExcludeLayers:
    serializedVersion: 2
    m_Bits: 8
  m_LayerOverridePriority: 0
  m_IsTrigger: 0
  m_ProvidesContacts: 0
  m_Enabled: 1
  serializedVersion: 3
  m_Size: {x: 99.99999, y: 199.99995, z: 199.99995}
  m_Center: {x: 49.999996, y: 0, z: 0}
--- !u!54 &6134765424770569394
Rigidbody:
  m_ObjectHideFlags: 0
  m_CorrespondingSourceObject: {fileID: 0}
  m_PrefabInstance: {fileID: 0}
  m_PrefabAsset: {fileID: 0}
  m_GameObject: {fileID: 3504633023766931501}
  serializedVersion: 4
  m_Mass: 1
  m_Drag: 0
  m_AngularDrag: 0.05
  m_CenterOfMass: {x: 0, y: 0, z: 0}
  m_InertiaTensor: {x: 1, y: 1, z: 1}
  m_InertiaRotation: {x: 0, y: 0, z: 0, w: 1}
  m_IncludeLayers:
    serializedVersion: 2
    m_Bits: 1024
  m_ExcludeLayers:
    serializedVersion: 2
    m_Bits: 2056
  m_ImplicitCom: 1
  m_ImplicitTensor: 1
  m_UseGravity: 1
  m_IsKinematic: 0
  m_Interpolate: 0
  m_Constraints: 0
  m_CollisionDetection: 0
--- !u!4 &4369670159498247586 stripped
Transform:
  m_CorrespondingSourceObject: {fileID: -8679921383154817045, guid: 9631c5d1e0fe6924b8de8a692b243eaf, type: 3}
  m_PrefabInstance: {fileID: 4264511539898817097}
  m_PrefabAsset: {fileID: 0}
--- !u!1 &4897916521502628441 stripped
GameObject:
  m_CorrespondingSourceObject: {fileID: -516098083770646512, guid: 9631c5d1e0fe6924b8de8a692b243eaf, type: 3}
  m_PrefabInstance: {fileID: 4264511539898817097}
  m_PrefabAsset: {fileID: 0}
--- !u!65 &1111644080947736728
BoxCollider:
  m_ObjectHideFlags: 0
  m_CorrespondingSourceObject: {fileID: 0}
  m_PrefabInstance: {fileID: 0}
  m_PrefabAsset: {fileID: 0}
  m_GameObject: {fileID: 4897916521502628441}
  m_Material: {fileID: 0}
  m_IncludeLayers:
    serializedVersion: 2
    m_Bits: 1024
  m_ExcludeLayers:
    serializedVersion: 2
    m_Bits: 8
  m_LayerOverridePriority: 0
  m_IsTrigger: 0
  m_ProvidesContacts: 0
  m_Enabled: 1
  serializedVersion: 3
  m_Size: {x: 99.99999, y: 199.99995, z: 199.99995}
  m_Center: {x: -49.999996, y: 0, z: 0}
--- !u!54 &6382047117641296386
Rigidbody:
  m_ObjectHideFlags: 0
  m_CorrespondingSourceObject: {fileID: 0}
  m_PrefabInstance: {fileID: 0}
  m_PrefabAsset: {fileID: 0}
  m_GameObject: {fileID: 4897916521502628441}
  serializedVersion: 4
  m_Mass: 1
  m_Drag: 0
  m_AngularDrag: 0.05
  m_CenterOfMass: {x: 0, y: 0, z: 0}
  m_InertiaTensor: {x: 1, y: 1, z: 1}
  m_InertiaRotation: {x: 0, y: 0, z: 0, w: 1}
  m_IncludeLayers:
    serializedVersion: 2
    m_Bits: 1024
  m_ExcludeLayers:
    serializedVersion: 2
    m_Bits: 2056
  m_ImplicitCom: 1
  m_ImplicitTensor: 1
  m_UseGravity: 1
  m_IsKinematic: 0
  m_Interpolate: 0
  m_Constraints: 0
  m_CollisionDetection: 0
